% Encoding: UTF-8
@inproceedings{nandakumar2016fingerio,
	title={Fingerio: Using active sonar for fine-grained finger tracking},
	author={Nandakumar, Rajalakshmi and Iyer, Vikram and Tan, Desney and Gollakota, Shyamnath},
	booktitle={Proceedings of the 2016 CHI Conference on Human Factors in Computing Systems},
	pages={1515--1525},
	year={2016}
}
@inproceedings{yang2016free,
	title={Free-form gesture authentication in the wild},
	author={Yang, Yulong and Clark, Gradeigh D and Lindqvist, Janne and Oulasvirta, Antti},
	booktitle={Proceedings of the 2016 CHI Conference on Human Factors in Computing Systems},
	pages={3722--3735},
	year={2016}
}
@inproceedings{niu2011gesture,
	title={Gesture authentication with touch input for mobile devices},
	author={Niu, Yuan and Chen, Hao},
	booktitle={International Conference on Security and Privacy in Mobile Information and Communication Systems},
	pages={13--24},
	year={2011},
	organization={Springer}
}
@inproceedings{hong2015waving,
	title={Waving authentication: your smartphone authenticate you on motion gesture},
	author={Hong, Feng and Wei, Meiyu and You, Shujuan and Feng, Yuan and Guo, Zhongwen},
	booktitle={Proceedings of the 33rd Annual ACM Conference Extended Abstracts on Human Factors in Computing Systems},
	pages={263--266},
	year={2015}
}
@inproceedings{sun2018vskin,
	title={Vskin: Sensing touch gestures on surfaces of mobile devices using acoustic signals},
	author={Sun, Ke and Zhao, Ting and Wang, Wei and Xie, Lei},
	booktitle={Proceedings of the 24th Annual International Conference on Mobile Computing and Networking},
	pages={591--605},
	year={2018}
}
@inproceedings{yun2017strata,
	title={Strata: Fine-grained acoustic-based device-free tracking},
	author={Yun, Sangki and Chen, Yi-Chao and Zheng, Huihuang and Qiu, Lili and Mao, Wenguang},
	booktitle={Proceedings of the 15th annual international conference on mobile systems, applications, and services},
	pages={15--28},
	year={2017}
}
@inproceedings{wang2016device,
	title={Device-free gesture tracking using acoustic signals},
	author={Wang, Wei and Liu, Alex X and Sun, Ke},
	booktitle={Proceedings of the 22nd Annual International Conference on Mobile Computing and Networking},
	pages={82--94},
	year={2016}
}
@inproceedings{mao2016cat,
	title={CAT: high-precision acoustic motion tracking},
	author={Mao, Wenguang and He, Jian and Qiu, Lili},
	booktitle={Proceedings of the 22nd Annual International Conference on Mobile Computing and Networking},
	pages={69--81},
	year={2016}
}
@article{graham2015software,
	title={A software-based sonar ranging sensor for smart phones},
	author={Graham, Daniel and Simmons, George and Nguyen, David T and Zhou, Gang},
	journal={IEEE Internet of Things Journal},
	volume={2},
	number={6},
	pages={479--489},
	year={2015},
	publisher={IEEE}
}
@article{liu2015guoguo,
	title={Guoguo: Enabling fine-grained smartphone localization via acoustic anchors},
	author={Liu, Kaikai and Liu, Xinxin and Li, Xiaolin},
	journal={IEEE transactions on mobile computing},
	volume={15},
	number={5},
	pages={1144--1156},
	year={2015},
	publisher={IEEE}
}
@article{spolaor2016biometric,
	title={Biometric Authentication Methods on Smartphones: A Survey.},
	author={Spolaor, Riccardo and Li, QianQian and Monaro, Merylin and Conti, Mauro and Gamberini, Luciano and Sartori, Giuseppe},
	journal={PsychNology Journal},
	volume={14},
	number={2},
	year={2016}
}
@article{vongsingthong2015survey,
	title={A survey on smartphone authentication},
	author={Vongsingthong, Suwimon and Boonkrong, Siripat},
	journal={Walailak Journal of Science and Technology (WJST)},
	volume={12},
	number={1},
	pages={1--19},
	year={2015}
}
@inproceedings{chang2016smartdog,
	title={SmartDog: Real-time detection of smartphone theft},
	author={Chang, Shan and Lu, Ting and Song, Hui},
	booktitle={2016 IEEE International Conference on Internet of Things (iThings) and IEEE Green Computing and Communications (GreenCom) and IEEE Cyber, Physical and Social Computing (CPSCom) and IEEE Smart Data (SmartData)},
	pages={223--228},
	year={2016},
	organization={IEEE}
}
@article{koyuncu2019security,
	title={Security awareness level of smartphone users: An exploratory case study},
	author={Koyuncu, Murat and Pusatli, Tolga},
	journal={Mobile Information Systems},
	volume={2019},
	year={2019},
	publisher={Hindawi}
}
@inproceedings{van2013modifying,
	title={Modifying smartphone user locking behavior},
	author={Van Bruggen, Dirk and Liu, Shu and Kajzer, Mitch and Striegel, Aaron and Crowell, Charles R and D'Arcy, John},
	booktitle={Proceedings of the Ninth Symposium on Usable Privacy and Security},
	pages={1--14},
	year={2013}
}
@article{idrees2017pindroid,
	title={PIndroid: A novel Android malware detection system using ensemble learning methods},
	author={Idrees, Fauzia and Rajarajan, Muttukrishnan and Conti, Mauro and Chen, Thomas M and Rahulamathavan, Yogachandran},
	journal={Computers \& Security},
	volume={68},
	pages={36--46},
	year={2017},
	publisher={Elsevier}
}
@inproceedings{han2016enhancing,
	title={Enhancing data and privacy security in mobile cloud computing through quantum cryptography},
	author={Han, Jiawei and Liu, Yanheng and Sun, Xin and Song, Lijun},
	booktitle={2016 7th IEEE International Conference on Software Engineering and Service Science (ICSESS)},
	pages={398--401},
	year={2016},
	organization={IEEE}
}
@inproceedings{urien2013framework,
	title={Framework and authentication protocols for smartphone, NFC, and RFID in retail transactions},
	author={Urien, Pascal and Piramuthu, Selwyn},
	booktitle={2013 IEEE Eighth International Conference on Intelligent Sensors, Sensor Networks and Information Processing},
	pages={77--82},
	year={2013},
	organization={IEEE}
}
@article{patel2016integrated,
	title={Integrated ECC and Blowfish for smartphone security},
	author={Patel, Payal and Patel, Rajan and Patel, Nimisha},
	journal={Procedia Computer Science},
	volume={78},
	number={C},
	pages={210--216},
	year={2016},
	publisher={Elsevier Science Publishers BV Amsterdam, The Netherlands, The Netherlands}
}
@inproceedings{zegers2015lightweight,
	title={A lightweight encryption and secure protocol for smartphone cloud},
	author={Zegers, William and Chang, Sang-Yoon and Park, Younghee and Gao, Jerry},
	booktitle={2015 IEEE Symposium on Service-Oriented System Engineering},
	pages={259--266},
	year={2015},
	organization={IEEE}
}
@inproceedings{wang2015know,
	title={I know what you did on your smartphone: Inferring app usage over encrypted data traffic},
	author={Wang, Qinglong and Yahyavi, Amir and Kemme, Bettina and He, Wenbo},
	booktitle={2015 IEEE Conference on Communications and Network Security (CNS)},
	pages={433--441},
	year={2015},
	organization={IEEE}
}
@article{boyles2012privacy,
	title={Privacy and data management on mobile devices},
	author={Boyles, Jan Lauren and Smith, Aaron and Madden, Mary},
	journal={Pew Internet \& American Life Project},
	volume={4},
	year={2012}
}
@inproceedings{muslukhov2012understanding,
	title={Understanding users' requirements for data protection in smartphones},
	author={Muslukhov, Ildar and Boshmaf, Yazan and Kuo, Cynthia and Lester, Jonathan and Beznosov, Konstantin},
	booktitle={2012 IEEE 28th International Conference on Data Engineering Workshops},
	pages={228--235},
	year={2012},
	organization={IEEE}
}
@article{vongsingthong2015survey,
	title={A survey on smartphone authentication},
	author={Vongsingthong, Suwimon and Boonkrong, Siripat},
	journal={Walailak Journal of Science and Technology (WJST)},
	volume={12},
	number={1},
	pages={1--19},
	year={2015}
}
@article{mahfouz2017survey,
	title={A survey on behavioral biometric authentication on smartphones},
	author={Mahfouz, Ahmed and Mahmoud, Tarek M and Eldin, Ahmed Sharaf},
	journal={Journal of information security and applications},
	volume={37},
	pages={28--37},
	year={2017},
	publisher={Elsevier}
}
@article{teh2016survey,
	title={A survey on touch dynamics authentication in mobile devices},
	author={Teh, Pin Shen and Zhang, Ning and Teoh, Andrew Beng Jin and Chen, Ke},
	journal={Computers \& Security},
	volume={59},
	pages={210--235},
	year={2016},
	publisher={Elsevier}
}
@article{ali2019security,
	title={Security and Privacy Awareness: A Survey for Smartphone User},
	author={Ali, Md Nawab Yousuf and Rahman, Md Lizur and Jahan, Ifrat},
	journal={Editorial Preface From the Desk of Managing Editorâ€¦},
	volume={10},
	number={9},
	year={2019}
}

@article{zaidi2016survey,
	title={A survey on security for smartphone device},
	author={Zaidi, Syed Farhan Alam and Shah, Munam Ali and Kamran, Muhammad and Javaid, Qaisar and Zhang, Sijing},
	journal={International journal of advanced computer science and applications},
	volume={7},
	number={4},
	pages={206--219},
	year={2016}
}
@article{gupta2018demystifying,
	title={Demystifying authentication concepts in smartphones: Ways and types to secure access},
	author={Gupta, Sandeep and Buriro, Attaullah and Crispo, Bruno},
	journal={Mobile Information Systems},
	volume={2018},
	year={2018},
	publisher={Hindawi}
}
@inproceedings{chin2012measuring,
	title={Measuring user confidence in smartphone security and privacy},
	author={Chin, Erika and Felt, Adrienne Porter and Sekar, Vyas and Wagner, David},
	booktitle={Proceedings of the eighth symposium on usable privacy and security},
	pages={1--16},
	year={2012}
}
@article{khan2015survey,
	title={Survey on mobile user's data privacy threats and defense mechanisms},
	author={Khan, Jalaluddin and Abbas, Haider and Al-Muhtadi, Jalal},
	journal={Procedia Computer Science},
	volume={56},
	pages={376--383},
	year={2015},
	publisher={Elsevier}
}
SpyPhone:

@article{aharon2006k,
	title={K-SVD: An algorithm for designing overcomplete dictionaries for sparse representation},
	author={Aharon, Michal and Elad, Michael and Bruckstein, Alfred and others},
	journal={IEEE Transactions on signal processing},
	volume={54},
	number={11},
	pages={4311},
	year={2006},
	publisher={IEEE INSTITUTE OF ELECTRICAL AND ELECTRONICS}
}

@InProceedings{anand2018speechless,
	author       = {Anand, S Abhishek and Saxena, Nitesh},
	title        = {Speechless: Analyzing the threat to speech privacy from smartphone motion sensors},
	booktitle    = {2018 IEEE Symposium on Security and Privacy (SP)},
	year         = {2018},
	pages        = {1000--1017},
	organization = {IEEE},
	keywords     = {rank5},
}
@article{anand2019spearphone,
	title={Spearphone: A Speech Privacy Exploit via Accelerometer-Sensed Reverberations from Smartphone Loudspeakers},
	author={Anand, S Abhishek and Wang, Chen and Liu, Jian and Saxena, Nitesh and Chen, Yingying},
	journal={arXiv preprint arXiv:1907.05972},
	year={2019}
}
misc{onlinedashboards,
	year         = {2019},
	title = {Distribution dashboard},
	howpublished ={
	\url{https://developer.android.com/about/dashboards}}},
	note = {Accessed: 2019-09-16}
}
\footnote{\scriptsize \url{https://developer.android.com/about/dashboards}}. 
misc{onlineoverview,
	year         = {2019},
	title = {Permissions overview},
	howpublished ={
	\url{https://developer.android.com/guide/topics/permissions/overview}},
	note = {Accessed: 2019-09-16}
}
@misc{online2005Voice,
	title = {The decibel level of normal speech},
	author       = {Chris Burke},
	year         = {2007},
	howpublished = {\url{https://www.theclassroom.com/decibel-level-normal-speech-8599569.html}},
	note = {Accessed: 2019-09-16}
}
\footnote{\scriptsize \url{https://developer.android.com/guide/topics/permissions/overview}}. 
misc{onlinebenchmarks,
	title={Loudspeaker loudness},
	year         = {2019},
	howpublished = {\url{https://www.phonearena.com/phones/benchmarks}},
	note = {Accessed: 2019-09-16}
}
	title = {The decibel level of normal speech},
author       = {Chris Burke},
year         = {2007},
\footnote{\scriptsize \url{https://www.phonearena.com/phones/benchmarks}}. 

========================B========================

========================C========================
@article{candes2004robust,
	title={Robust uncertainty principles: Exact signal reconstruction from highly incomplete frequency information},
	author={Candes, Emmanuel and Romberg, Justin and Tao, Terence},
	journal={arXiv preprint math/0409186},
	year={2004}
}

@inproceedings{candes2006compressive,
	title={Compressive sampling},
	author={Cand{\`e}s, Emmanuel J and others},
	booktitle={Proceedings of the international congress of mathematicians},
	volume={3},
	pages={1433--1452},
	year={2006},
	organization={Madrid, Spain}
}

@article{candes2008introduction,
	title={An introduction to compressive sampling [a sensing/sampling paradigm that goes against the common knowledge in data acquisition]},
	author={Cand{\`e}s, Emmanuel J and Wakin, Michael B},
	journal={IEEE signal processing magazine},
	volume={25},
	number={2},
	pages={21--30},
	year={2008}
}
@article{candes2008restricted,
	title={The restricted isometry property and its implications for compressed sensing},
	author={Candes, Emmanuel J},
	journal={Comptes rendus mathematique},
	volume={346},
	number={9-10},
	pages={589--592},
	year={2008},
	publisher={Elsevier}
}
@InProceedings{crager2017information,
	author    = {Crager, Kirsten and Maiti, Anindya},
	title     = {Information leakage through mobile motion sensors: User awareness and concerns},
	booktitle = {Proceedings of the European Workshop on Usable Security (EuroUSEC)},
	year      = {2017},
	keywords  = {rank4},
}

========================D========================
@Article{davis2014visual,
	author    = {Davis, Abe and Rubinstein, Michael and Wadhwa, Neal and Mysore, Gautham J and Durand, Fr{\'e}do and Freeman, William T},
	title     = {The visual microphone: passive recovery of sound from video},
	journal   = {ACM Transactions on Graphics (TOG)},
	year      = {2014},
	volume    = {33},
	number    = {4},
	pages     = {79},
	keywords  = {rank4},
	publisher = {ACM},
}

@article{donoho2006compressed,
	title={Compressed sensing},
	author={Donoho, David L and others},
	journal={IEEE Transactions on information theory},
	volume={52},
	number={4},
	pages={1289--1306},
	year={2006},
	publisher={Citeseer}
}
@article{donoho2009observed,
	title={Observed universality of phase transitions in high-dimensional geometry, with implications for modern data analysis and signal processing},
	author={Donoho, David and Tanner, Jared},
	journal={Philosophical Transactions of the Royal Society A: Mathematical, Physical and Engineering Sciences},
	volume={367},
	number={1906},
	pages={4273--4293},
	year={2009},
	publisher={The Royal Society Publishing}
}
========================E========================
@article{engan2007family,
	title={Family of iterative LS-based dictionary learning algorithms, ILS-DLA, for sparse signal representation},
	author={Engan, Kjersti and Skretting, Karl and Hus{\o}y, John H{\aa}kon},
	journal={Digital Signal Processing},
	volume={17},
	number={1},
	pages={32--49},
	year={2007},
	publisher={Elsevier}
}
========================F========================

========================G========================
@article{garofolo1993timit,
	title={TIMIT Acoustic-Phonetic Continuous Speech Corpus LDC93S1},
	author={John S. Garofolo, Lori F. Lamel, William M. Fisher, Jonathan G. Fiscus, David S. Pallett, Nancy L. Dahlgren, Victor Zue},
	journal={Web Download. Philadelphia: Linguistic Data Consortium},
	year={1993}
}
@article{greff2017lstm,
	title={LSTM: A search space odyssey},
	author={Greff, Klaus and Srivastava, Rupesh K and Koutn{\'\i}k, Jan and Steunebrink, Bas R and Schmidhuber, J{\"u}rgen},
	journal={IEEE transactions on neural networks and learning systems},
	volume={28},
	number={10},
	pages={2222--2232},
	year={2017},
	publisher={IEEE}
}
========================H========================

@InProceedings{han2017pitchln,
  author       = {Han, Jun and Chung, Albert Jin and Tague, Patrick},
  title        = {Pitchln: Eavesdropping via intelligible speech reconstruction using non-acoustic sensor fusion},
  booktitle    = {Proceedings of the 16th ACM/IEEE International Conference on Information Processing in Sensor Networks},
  year         = {2017},
  pages        = {181--192},
  organization = {ACM},
  keywords     = {rank5},
}
@article{haykin2007neural,
	title={Neural Networks: A Comprehensive Foundation},
	author={Haykin, Simon},
	year={2007},
	publisher={Prentice-Hall, Inc.}
}
@article{hochreiter1997long,
	title={Long short-term memory},
	author={Hochreiter, Sepp and Schmidhuber, J{\"u}rgen},
	journal={Neural computation},
	volume={9},
	number={8},
	pages={1735--1780},
	year={1997},
	publisher={MIT Press}
}
========================I========================

========================J========================
@article{ji2008bayesian,
	title={Bayesian compressive sensing},
	author={Ji, Shihao and Xue, Ya and Carin, Lawrence and others},
	journal={IEEE Transactions on signal processing},
	volume={56},
	number={6},
	pages={2346},
	year={2008},
	publisher={Citeseer}
}
========================K========================

@InProceedings{khalifa2016feasibility,
  author       = {Khalifa, Sara and Hassan, Mahbub and Seneviratne, Aruna},
  title        = {Feasibility and accuracy of hotword detection using vibration energy harvester},
  booktitle    = {2016 IEEE 17th International Symposium on A World of Wireless, Mobile and Multimedia Networks (WoWMoM)},
  year         = {2016},
  pages        = {1--9},
  organization = {IEEE},
  keywords     = {rank1},
}
@InProceedings{khan2018firearm,
	author       = {Khan, Md Abdullah Al Hafiz and Welsh, David and Roy, Nirmalya},
	title        = {Firearm Detection Using Wrist Worn Tri-Axis Accelerometer Signals},
	booktitle    = {2018 IEEE International Conference on Pervasive Computing and Communications Workshops (PerCom Workshops)},
	year         = {2018},
	pages        = {221--226},
	organization = {IEEE},
	keywords     = {rank1},
}
========================L========================
@book{ladefoged2014course,
	title={A course in phonetics},
	author={Ladefoged, Peter and Johnson, Keith},
	year={2014},
	publisher={Nelson Education}
}
@book{ladefoged2012vowels,
	title={Vowels and consonants},
	author={Ladefoged, Peter and Disner, Sandra Ferrari},
	year={2012},
	publisher={John Wiley \& Sons}
}

@article{leonard1993tidigits,
	title={TIDIGITS LDC93S10},
	author={Leonard, R Gary and Doddington, George},
	journal={Web Download. Philadelphia: Linguistic Data Consortium},
	year={1993}
}

========================M========================
@inproceedings{mairal2009online,
	title={Online dictionary learning for sparse coding},
	author={Mairal, Julien and Bach, Francis and Ponce, Jean and Sapiro, Guillermo},
	booktitle={Proceedings of the 26th annual international conference on machine learning},
	pages={689--696},
	year={2009},
	organization={ACM}
}
@Article{maruri2018v,
  author    = {Maruri, H{\'e}ctor A Cordourier and Lopez-Meyer, Paulo and Huang, Jonathan and Beltman, Willem Marco and Nachman, Lama and Lu, Hong},
  title     = {V-Speech: Noise-Robust Speech Capturing Glasses Using Vibration Sensors},
  journal   = {Proceedings of the ACM on Interactive, Mobile, Wearable and Ubiquitous Technologies},
  year      = {2018},
  volume    = {2},
  number    = {4},
  pages     = {180},
  keywords  = {rank5},
  publisher = {ACM},
}
@InProceedings{matyunin2018zero,
	author       = {Matyunin, Nikolay and Szefer, Jakub and Katzenbeisser, Stefan},
	title        = {Zero-permission acoustic cross-device tracking},
	booktitle    = {2018 IEEE International Symposium on Hardware Oriented Security and Trust (HOST)},
	year         = {2018},
	pages        = {25--32},
	organization = {IEEE},
}
@InProceedings{matic2012speech,
	author       = {Matic, Aleksandar and Osmani, Venet and Mayora, Oscar},
	title        = {Speech activity detection using accelerometer},
	booktitle    = {2012 Annual International Conference of the IEEE Engineering in Medicine and Biology Society},
	year         = {2012},
	pages        = {2112--2115},
	organization = {IEEE},
	keywords     = {rank5},
}

@InProceedings{michalevsky2014gyrophone,
  author    = {Michalevsky, Yan and Boneh, Dan and Nakibly, Gabi},
  title     = {Gyrophone: Recognizing speech from gyroscope signals},
  booktitle = {23rd $\{$USENIX$\}$ Security Symposium ($\{$USENIX$\}$ Security 14)},
  year      = {2014},
  pages     = {1053--1067},
  keywords  = {rank5},
}

========================N========================
@article{natarajan1995sparse,
	title={Sparse approximate solutions to linear systems},
	author={Natarajan, Balas Kausik},
	journal={SIAM journal on computing},
	volume={24},
	number={2},
	pages={227--234},
	year={1995},
	publisher={SIAM}
}
@article{figueiredo2007gradient,
	title={Gradient projection for sparse reconstruction: Application to compressed sensing and other inverse problems},
	author={Figueiredo, M{\'a}rio AT and Nowak, Robert D and Wright, Stephen J},
	journal={IEEE Journal of selected topics in signal processing},
	volume={1},
	number={4},
	pages={586--597},
	year={2007},
	publisher={IEEE}
}
========================O========================

========================P========================
@article{peterson1952control,
	title={Control methods used in a study of the vowels},
	author={Peterson, Gordon E and Barney, Harold L},
	journal={The Journal of the acoustical society of America},
	volume={24},
	number={2},
	pages={175--184},
	year={1952},
	publisher={ASA}
}
========================Q========================
@article{qaisar2013compressive,
	title={Compressive sensing: From theory to applications, a survey},
	author={Qaisar, Saad and Bilal, Rana Muhammad and Iqbal, Wafa and Naureen, Muqaddas and Lee, Sungyoung},
	journal={Journal of Communications and networks},
	volume={15},
	number={5},
	pages={443--456},
	year={2013},
	publisher={IEEE}
}
========================R========================

@InBook{rabiner2011theory,
  chapter   = {10.3},
  pages     = {586-595},
  title     = {Theory and applications of digital speech processing},
  publisher = {Pearson},
  year      = {2011},
  author    = {Rabiner, Lawrence R and Schafer, Ronald W},
  volume    = {10.3},
}
@article{rani2018systematic,
	title={A systematic review of compressive sensing: Concepts, implementations and applications},
	author={Rani, Meenu and Dhok, SB and Deshmukh, RB},
	journal={IEEE Access},
	volume={6},
	pages={4875--4894},
	year={2018},
	publisher={IEEE}
}
@article{remi2010dictionary,
	title={Dictionary Identificationâ€”Sparse Matrix-Factorization via $\ell_1$-Minimization},
	author={Remi, R{\'e}mi and Schnass, Karin},
	journal={IEEE Transactions on Information Theory},
	volume={56},
	number={7},
	pages={3523--3539},
	year={2010},
	publisher={IEEE}
}
@InProceedings{roy2016listening,
	author       = {Roy, Nirupam and Roy Choudhury, Romit},
	title        = {Listening through a vibration motor},
	booktitle    = {Proceedings of the 14th Annual International Conference on Mobile Systems, Applications, and Services},
	year         = {2016},
	pages        = {57--69},
	organization = {ACM},
	keywords     = {rank5},
}



========================S========================
@inproceedings{siddamal2015survey,
	title={A survey on compressive sensing},
	author={Siddamal, KV and Bhat, Shobha P and Saroja, VS},
	booktitle={2015 2nd International Conference on Electronics and Communication Systems (ICECS)},
	pages={639--643},
	year={2015},
	organization={IEEE}
}
@InProceedings{song2016my,
	author       = {Song, Chen and Lin, Feng and Ba, Zhongjie and Ren, Kui and Zhou, Chi and Xu, Wenyao},
	title        = {My smartphone knows what you print: Exploring smartphone-based side-channel attacks against 3d printers},
	booktitle    = {Proceedings of the 2016 ACM SIGSAC Conference on Computer and Communications Security},
	year         = {2016},
	pages        = {895--907},
	organization = {ACM},
	keywords     = {rank1},
}
@inproceedings{skretting2017sparse,
	title={Sparse Approximation by Matching Pursuit Using Shift-Invariant Dictionary},
	author={Skretting, Karl and Engan, Kjersti},
	booktitle={Scandinavian Conference on Image Analysis},
	pages={362--373},
	year={2017},
	organization={Springer}
}
@article{skretting2010recursive,
	title={Recursive least squares dictionary learning algorithm},
	author={Skretting, Karl and Engan, Kjersti},
	journal={IEEE Transactions on Signal Processing},
	volume={58},
	number={4},
	pages={2121--2130},
	year={2010},
	publisher={IEEE}
}
========================T========================

@InBook{titze1994principles,
	pages     = {188},
	title     = {Principles of Voice Production},
	publisher = {Prentice Hall},
	year      = {1994},
	author    = {Ingo Titze},
}


@article{titze2015toward,
	title={Toward a consensus on symbolic notation of harmonics, resonances, and formants in vocalization},
	author={Titze, Ingo R and Baken, Ronald J and Bozeman, Kenneth W and Granqvist, Svante and Henrich, Nathalie and Herbst, Christian T and Howard, David M and Hunter, Eric J and Kaelin, Dean and Kent, Raymond D and others},
	journal={The Journal of the Acoustical Society of America},
	volume={137},
	number={5},
	pages={3005--3007},
	year={2015},
	publisher={ASA}
}

@article{tropp2007signal,
	title={Signal recovery from random measurements via orthogonal matching pursuit},
	author={Tropp, Joel A and Gilbert, Anna C},
	journal={IEEE Transactions on information theory},
	volume={53},
	number={12},
	pages={4655--4666},
	year={2007}
}
@article{tropp2010computational,
	title={Computational methods for sparse solution of linear inverse problems},
	author={Tropp, Joel A and Wright, Stephen J},
	journal={Proceedings of the IEEE},
	volume={98},
	number={6},
	pages={948--958},
	year={2010},
	publisher={IEEE}
}
========================U========================
@article{ulku2018large,
	title={Large-scale hyperspectral image compression via sparse representations based on online learning},
	author={{\"U}lk{\"u}, {\.I}rem and Kizgut, Ersin},
	journal={International Journal of Applied Mathematics and Computer Science},
	volume={28},
	number={1},
	pages={197--207},
	year={2018},
	publisher={De Gruyter Open}
}
========================V========================

========================W========================
@article{warden2018speech,
	title={Speech commands: A dataset for limited-vocabulary speech recognition},
	author={Warden, Pete},
	journal={arXiv preprint arXiv:1804.03209},
	year={2018}
}
@InProceedings{wei2015acoustic,
	author       = {Wei, Teng and Wang, Shu and Zhou, Anfu and Zhang, Xinyu},
	title        = {Acoustic eavesdropping through wireless vibrometry},
	booktitle    = {Proceedings of the 21st Annual International Conference on Mobile Computing and Networking},
	year         = {2015},
	pages        = {130--141},
	organization = {ACM},
	keywords     = {rank2},
}

@InProceedings{welsh2017smartphone,
	author       = {Welsh, David and Roy, Nirmalya},
	title        = {Smartphone-based mobile gunshot detection},
	booktitle    = {2017 IEEE International Conference on Pervasive Computing and Communications Workshops (PerCom Workshops)},
	year         = {2017},
	pages        = {244--249},
	organization = {IEEE},
	keywords     = {rank1},
}
@article{wolfe2016experimentally,
	title={An Experimentally Measured Source--Filter Model: Glottal Flow, Vocal Tract Gain and Output Sound from a Physical Model},
	author={Wolfe, Joe and Chu, Derek Tze Wei and Chen, Jer-Ming and Smith, John},
	journal={Acoustics Australia},
	volume={44},
	number={1},
	pages={187--191},
	year={2016},
	publisher={Springer}
}
========================X========================
@article{xu2017survey,
	title={A survey of dictionary learning algorithms for face recognition},
	author={Xu, Yong and Li, Zhengming and Yang, Jian and Zhang, David},
	journal={IEEE access},
	volume={5},
	pages={8502--8514},
	year={2017},
	publisher={IEEE}
}
========================Y========================

========================Z========================

@InProceedings{zhang2015accelword,
  author       = {Zhang, Li and Pathak, Parth H and Wu, Muchen and Zhao, Yixin and Mohapatra, Prasant},
  title        = {Accelword: Energy efficient hotword detection through accelerometer},
  booktitle    = {Proceedings of the 13th Annual International Conference on Mobile Systems, Applications, and Services},
  year         = {2015},
  pages        = {301--315},
  organization = {ACM},
  keywords     = {rank5},
}

@Article{jafari2011fast,
  author    = {Jafari, Maria G and Plumbley, Mark D},
  title     = {Fast dictionary learning for sparse representations of speech signals},
  journal   = {IEEE Journal of Selected Topics in Signal Processing},
  year      = {2011},
  volume    = {5},
  number    = {5},
  pages     = {1025--1031},
  publisher = {IEEE},
}

@Article{jafaridictionary,
  author = {Jafari, Maria G and Plumbley, Mark D},
  title  = {Dictionary learning for speech based on a doubly sparse greedy adaptive dictionary algorithm},
}

@InProceedings{sikder20176thsense,
  author    = {Sikder, Amit Kumar and Aksu, Hidayet and Uluagac, A Selcuk},
  title     = {6thsense: A context-aware sensor-based attack detector for smart devices},
  booktitle = {26th $\{$USENIX$\}$ Security Symposium ($\{$USENIX$\}$ Security 17)},
  year      = {2017},
  pages     = {397--414},
}

@Misc{report2019forrester,
  author      = {Meenakshi Tiwari, Sanjeev Kumar},
  title       = {Forrester Analytics: Mobile, Smartphone, And Tablet Forecast, 2018 To 2023 (Global)},
  year        = {2019},
  institution = {Forrester Research},
}

@Misc{report2018newzoo,
  author = {Newzoo},
  title  = {Global Mobile Market Report},
  year   = {2018},
}


@InProceedings{trippel2017walnut,
  author       = {Trippel, Timothy and Weisse, Ofir and Xu, Wenyuan and Honeyman, Peter and Fu, Kevin},
  title        = {WALNUT: Waging doubt on the integrity of MEMS accelerometers with acoustic injection attacks},
  booktitle    = {2017 IEEE European Symposium on Security and Privacy (EuroS\&P)},
  year         = {2017},
  pages        = {3--18},
  organization = {IEEE},
}



@InProceedings{block2017autonomic,
  author       = {Block, Kenneth and Narain, Sashank and Noubir, Guevara},
  title        = {An autonomic and permissionless android covert channel},
  booktitle    = {Proceedings of the 10th ACM Conference on Security and Privacy in Wireless and Mobile Networks},
  year         = {2017},
  pages        = {184--194},
  organization = {ACM},
}

@Book{fant1960acoustic,
  title     = {Acoustic theory of speech production},
  publisher = {Mouton \& Co., Printers, The Hague.},
  year      = {1960},
  author    = {Gunnar Fant},
}


@InBook{baken1987clinical,
	pages     = {177},
	title     = {Clinical Measurement of Speech and Voice},
	publisher = {London: Taylor and Francis Ltd.},
	year      = {1987},
	author    = {Ronald J. Baken},
}

========================B========================
@article{bojinov2014mobile,
	title={Mobile device identification via sensor fingerprinting},
	author={Bojinov, Hristo and Michalevsky, Yan and Nakibly, Gabi and Boneh, Dan},
	journal={arXiv preprint arXiv:1408.1416},
	year={2014}
}
========================D========================
@inproceedings{das2016tracking,
	title={Tracking Mobile Web Users Through Motion Sensors: Attacks and Defenses.},
	author={Das, Anupam and Borisov, Nikita and Caesar, Matthew},
	booktitle={NDSS},
	year={2016}
}
========================F========================
@inproceedings{fuse2018sound,
	title={Sound Recovery Considering the Vibration Direction of an Object in a Video},
	author={Fuse, Yohei and Yasumi, Yusuke and Takiguchi, Tetsuya},
	booktitle={2018 IEEE International Symposium on Multimedia (ISM)},
	pages={171--174},
	year={2018},
	organization={IEEE}
}
========================G========================

========================H========================
@inproceedings{han2012accomplice,
	title={Accomplice: Location inference using accelerometers on smartphones},
	author={Han, Jun and Owusu, Emmanuel and Nguyen, Le T and Perrig, Adrian and Zhang, Joy},
	booktitle={2012 Fourth International Conference on Communication Systems and Networks (COMSNETS 2012)},
	pages={1--9},
	year={2012},
	organization={IEEE}
}
@article{huang2018breathlive,
	title={Breathlive: Liveness detection for heart sound authentication with deep breathing},
	author={Huang, Chenyu and Chen, Huangxun and Yang, Lin and Zhang, Qian},
	journal={Proceedings of the ACM on Interactive, Mobile, Wearable and Ubiquitous Technologies},
	volume={2},
	number={1},
	pages={12},
	year={2018},
	publisher={ACM}
}

@article{hawley2018visualizing,
	title={Visualizing sound directivity via smartphone sensors},
	author={Hawley, Scott H and McClain Jr, Robert E},
	journal={The Physics Teacher},
	volume={56},
	number={2},
	pages={72--74},
	year={2018},
	publisher={AAPT}
}

@inproceedings{kwonghard,
	title={Hard Drive of Hearing: Disks that Eavesdrop with a Synthesized Microphone},
	author={Kwong, Andrew and Xu, Wenyuan and Fu, Kevin},
	booktitle={Hard Drive of Hearing: Disks that Eavesdrop with a Synthesized Microphone},
	pages={0},
	organization={IEEE}
}

@article{liang2017location,
	title={Location privacy leakage through sensory data},
	author={Liang, Yi and Cai, Zhipeng and Han, Qilong and Li, Yingshu},
	journal={Security and Communication Networks},
	volume={2017},
	year={2017},
	publisher={Hindawi}
}

@inproceedings{lee2018inferring,
	title={Inferring Smartphone Users' Handwritten Patterns by using Motion Sensors.},
	author={Lee, Wei-Han and Ortiz, Jorge and Ko, Bongjun and Lee, Ruby B},
	booktitle={ICISSP},
	pages={139--148},
	year={2018}
}


========================M========================
@inproceedings{miluzzo2012tapprints,
	title={Tapprints: your finger taps have fingerprints},
	author={Miluzzo, Emiliano and Varshavsky, Alexander and Balakrishnan, Suhrid and Choudhury, Romit Roy},
	booktitle={Proceedings of the 10th international conference on Mobile systems, applications, and services},
	pages={323--336},
	year={2012},
	organization={ACm}
}
========================O========================
@inproceedings{owusu2012accessory,
	title={ACCessory: password inference using accelerometers on smartphones},
	author={Owusu, Emmanuel and Han, Jun and Das, Sauvik and Perrig, Adrian and Zhang, Joy},
	booktitle={Proceedings of the Twelfth Workshop on Mobile Computing Systems \& Applications},
	pages={9},
	year={2012},
	organization={ACM}
}

@inproceedings{roy2015ripple,
	title={Ripple: Communicating through physical vibration},
	author={Roy, Nirupam and Gowda, Mahanth and Choudhury, Romit Roy},
	booktitle={12th $\{$USENIX$\}$ Symposium on Networked Systems Design and Implementation ($\{$NSDI$\}$ 15)},
	pages={265--278},
	year={2015}
}

@article{sikder2018survey,
	title={A survey on sensor-based threats to internet-of-things (iot) devices and applications},
	author={Sikder, Amit Kumar and Petracca, Giuseppe and Aksu, Hidayet and Jaeger, Trent and Uluagac, A Selcuk},
	journal={arXiv preprint arXiv:1802.02041},
	year={2018}
}

@article{shoaib2015survey,
	title={A survey of online activity recognition using mobile phones},
	author={Shoaib, Muhammad and Bosch, Stephan and Incel, Ozlem and Scholten, Hans and Havinga, Paul},
	journal={Sensors},
	volume={15},
	number={1},
	pages={2059--2085},
	year={2015},
	publisher={Multidisciplinary Digital Publishing Institute}
}
========================V========================

========================W========================
@article{wang2019deep,
	title={Deep learning for sensor-based activity recognition: A survey},
	author={Wang, Jindong and Chen, Yiqiang and Hao, Shuji and Peng, Xiaohui and Hu, Lisha},
	journal={Pattern Recognition Letters},
	volume={119},
	pages={3--11},
	year={2019},
	publisher={Elsevier}
}

@inproceedings{wang2015mole,
	title={Mole: Motion leaks through smartwatch sensors},
	author={Wang, He and Lai, Ted Tsung-Te and Roy Choudhury, Romit},
	booktitle={Proceedings of the 21st Annual International Conference on Mobile Computing and Networking},
	pages={155--166},
	year={2015},
	organization={ACM}
}
@inproceedings{wang2016friend,
	title={Friend or foe?: Your wearable devices reveal your personal pin},
	author={Wang, Chen and Guo, Xiaonan and Wang, Yan and Chen, Yingying and Liu, Bo},
	booktitle={Proceedings of the 11th ACM on Asia Conference on Computer and Communications Security},
	pages={189--200},
	year={2016},
	organization={ACM}
}

@Article{zhang2015survey,
  author    = {Zhang, Zheng and Xu, Yong and Yang, Jian and Li, Xuelong and Zhang, David},
  title     = {A survey of sparse representation: algorithms and applications},
  journal   = {IEEE access},
  year      = {2015},
  volume    = {3},
  pages     = {490--530},
  publisher = {IEEE},
}

@Comment{jabref-meta: databaseType:bibtex;}




@article{mahfouz2017survey,
	title={A survey on behavioral biometric authentication on smartphones},
	author={Mahfouz, Ahmed and Mahmoud, Tarek M and Eldin, Ahmed Sharaf},
	journal={Journal of information security and applications},
	volume={37},
	pages={28--37},
	year={2017},
	publisher={Elsevier}
}
@inproceedings{shankar2018survey,
	title={Survey on Mobile Authentication Schemes},
	author={Shankar, Vishnu and Singh, Karan},
	booktitle={Proceedings of 3rd International Conference on Internet of Things and Connected Technologies (ICIoTCT)},
	pages={26--27},
	year={2018}
}
@article{vongsingthong2014survey,
	title={A survey on smartphone authentication},
	author={Vongsingthong, Suwimon and Boonkrong, Siripat},
	journal={Walailak Journal of Science and Technology (WJST)},
	volume={12},
	number={1},
	pages={1--19},
	year={2014}
}
@article{aharon2006k,
	title={K-SVD: An algorithm for designing overcomplete dictionaries for sparse representation},
	author={Aharon, Michal and Elad, Michael and Bruckstein, Alfred and others},
	journal={IEEE Transactions on signal processing},
	volume={54},
	number={11},
	pages={4311},
	year={2006},
	publisher={IEEE INSTITUTE OF ELECTRICAL AND ELECTRONICS}
}

@InProceedings{anand2018speechless,
	author       = {Anand, S Abhishek and Saxena, Nitesh},
	title        = {Speechless: Analyzing the threat to speech privacy from smartphone motion sensors},
	booktitle    = {2018 IEEE Symposium on Security and Privacy (SP)},
	year         = {2018},
	pages        = {1000--1017},
	organization = {IEEE},
	keywords     = {rank5},
}


@misc{online2005Voice,
	title = {The decibel level of normal speech},
	author       = {Chris Burke},
	year         = {2007},
	howpublished = {\url{https://www.theclassroom.com/decibel-level-normal-speech-8599569.html}},
	note = {Accessed: 2019-05-12}
}

========================B========================
@article{berktay1965possible,
	title={Possible exploitation of non-linear acoustics in underwater transmitting applications},
	author={Berktay, HO},
	journal={Journal of Sound and Vibration},
	volume={2},
	number={4},
	pages={435--461},
	year={1965},
	publisher={Elsevier}
}
========================C========================
@article{candes2004robust,
	title={Robust uncertainty principles: Exact signal reconstruction from highly incomplete frequency information},
	author={Candes, Emmanuel and Romberg, Justin and Tao, Terence},
	journal={arXiv preprint math/0409186},
	year={2004}
}

@inproceedings{candes2006compressive,
	title={Compressive sampling},
	author={Cand{\`e}s, Emmanuel J and others},
	booktitle={Proceedings of the international congress of mathematicians},
	volume={3},
	pages={1433--1452},
	year={2006},
	organization={Madrid, Spain}
}

@article{candes2008introduction,
	title={An introduction to compressive sampling [a sensing/sampling paradigm that goes against the common knowledge in data acquisition]},
	author={Cand{\`e}s, Emmanuel J and Wakin, Michael B},
	journal={IEEE signal processing magazine},
	volume={25},
	number={2},
	pages={21--30},
	year={2008}
}
@article{candes2008restricted,
	title={The restricted isometry property and its implications for compressed sensing},
	author={Candes, Emmanuel J},
	journal={Comptes rendus mathematique},
	volume={346},
	number={9-10},
	pages={589--592},
	year={2008},
	publisher={Elsevier}
}
@InProceedings{crager2017information,
	author    = {Crager, Kirsten and Maiti, Anindya},
	title     = {Information leakage through mobile motion sensors: User awareness and concerns},
	booktitle = {Proceedings of the European Workshop on Usable Security (EuroUSEC)},
	year      = {2017},
	keywords  = {rank4},
}

========================D========================
@Article{davis2014visual,
	author    = {Davis, Abe and Rubinstein, Michael and Wadhwa, Neal and Mysore, Gautham J and Durand, Fr{\'e}do and Freeman, William T},
	title     = {The visual microphone: passive recovery of sound from video},
	journal   = {ACM Transactions on Graphics (TOG)},
	year      = {2014},
	volume    = {33},
	number    = {4},
	pages     = {79},
	keywords  = {rank4},
	publisher = {ACM},
}
@inproceedings{desai2009voice,
	title={Voice conversion using artificial neural networks},
	author={Desai, Srinivas and Raghavendra, E Veera and Yegnanarayana, B and Black, Alan W and Prahallad, Kishore},
	booktitle={2009 IEEE International Conference on Acoustics, Speech and Signal Processing},
	pages={3893--3896},
	year={2009},
	organization={IEEE}
}

@article{donoho2006compressed,
	title={Compressed sensing},
	author={Donoho, David L and others},
	journal={IEEE Transactions on information theory},
	volume={52},
	number={4},
	pages={1289--1306},
	year={2006},
	publisher={Citeseer}
}
@article{donoho2009observed,
	title={Observed universality of phase transitions in high-dimensional geometry, with implications for modern data analysis and signal processing},
	author={Donoho, David and Tanner, Jared},
	journal={Philosophical Transactions of the Royal Society A: Mathematical, Physical and Engineering Sciences},
	volume={367},
	number={1906},
	pages={4273--4293},
	year={2009},
	publisher={The Royal Society Publishing}
}
========================E========================
@article{engan2007family,
	title={Family of iterative LS-based dictionary learning algorithms, ILS-DLA, for sparse signal representation},
	author={Engan, Kjersti and Skretting, Karl and Hus{\o}y, John H{\aa}kon},
	journal={Digital Signal Processing},
	volume={17},
	number={1},
	pages={32--49},
	year={2007},
	publisher={Elsevier}
}
========================F========================

========================G========================
@article{garofolo1993timit,
	title={TIMIT Acoustic-Phonetic Continuous Speech Corpus LDC93S1},
	author={John S. Garofolo, Lori F. Lamel, William M. Fisher, Jonathan G. Fiscus, David S. Pallett, Nancy L. Dahlgren, Victor Zue},
	journal={Web Download. Philadelphia: Linguistic Data Consortium},
	year={1993}
}
@article{greff2017lstm,
	title={LSTM: A search space odyssey},
	author={Greff, Klaus and Srivastava, Rupesh K and Koutn{\'\i}k, Jan and Steunebrink, Bas R and Schmidhuber, J{\"u}rgen},
	journal={IEEE transactions on neural networks and learning systems},
	volume={28},
	number={10},
	pages={2222--2232},
	year={2017},
	publisher={IEEE}
}
========================H========================

@InProceedings{han2017pitchln,
	author       = {Han, Jun and Chung, Albert Jin and Tague, Patrick},
	title        = {Pitchln: Eavesdropping via intelligible speech reconstruction using non-acoustic sensor fusion},
	booktitle    = {Proceedings of the 16th ACM/IEEE International Conference on Information Processing in Sensor Networks},
	year         = {2017},
	pages        = {181--192},
	organization = {ACM},
	keywords     = {rank5},
}
@article{haykin2007neural,
	title={Neural Networks: A Comprehensive Foundation},
	author={Haykin, Simon},
	year={2007},
	publisher={Prentice-Hall, Inc.}
}
@article{hochreiter1997long,
	title={Long short-term memory},
	author={Hochreiter, Sepp and Schmidhuber, J{\"u}rgen},
	journal={Neural computation},
	volume={9},
	number={8},
	pages={1735--1780},
	year={1997},
	publisher={MIT Press}
}
@book{hopkin2003getting,
	title={Getting a Bigger Sound: pickups and microphones for your musical instrument},
	author={Hopkin, Bart and Cain, Robert and Lollar, Jason},
	year={2003},
	publisher={Sharp Press}
}
========================I========================

========================J========================
@article{ji2008bayesian,
	title={Bayesian compressive sensing},
	author={Ji, Shihao and Xue, Ya and Carin, Lawrence and others},
	journal={IEEE Transactions on signal processing},
	volume={56},
	number={6},
	pages={2346},
	year={2008},
	publisher={Citeseer}
}
========================K========================

@InProceedings{khalifa2016feasibility,
	author       = {Khalifa, Sara and Hassan, Mahbub and Seneviratne, Aruna},
	title        = {Feasibility and accuracy of hotword detection using vibration energy harvester},
	booktitle    = {2016 IEEE 17th International Symposium on A World of Wireless, Mobile and Multimedia Networks (WoWMoM)},
	year         = {2016},
	pages        = {1--9},
	organization = {IEEE},
	keywords     = {rank1},
}
@InProceedings{khan2018firearm,
	author       = {Khan, Md Abdullah Al Hafiz and Welsh, David and Roy, Nirmalya},
	title        = {Firearm Detection Using Wrist Worn Tri-Axis Accelerometer Signals},
	booktitle    = {2018 IEEE International Conference on Pervasive Computing and Communications Workshops (PerCom Workshops)},
	year         = {2018},
	pages        = {221--226},
	organization = {IEEE},
	keywords     = {rank1},
}
========================L========================
@book{ladefoged2014course,
	title={A course in phonetics},
	author={Ladefoged, Peter and Johnson, Keith},
	year={2014},
	publisher={Nelson Education}
}
@book{ladefoged2012vowels,
	title={Vowels and consonants},
	author={Ladefoged, Peter and Disner, Sandra Ferrari},
	year={2012},
	publisher={John Wiley \& Sons}
}

@article{leonard1993tidigits,
	title={TIDIGITS LDC93S10},
	author={Leonard, R Gary and Doddington, George},
	journal={Web Download. Philadelphia: Linguistic Data Consortium},
	year={1993}
}

========================M========================
@inproceedings{mairal2009online,
	title={Online dictionary learning for sparse coding},
	author={Mairal, Julien and Bach, Francis and Ponce, Jean and Sapiro, Guillermo},
	booktitle={Proceedings of the 26th annual international conference on machine learning},
	pages={689--696},
	year={2009},
	organization={ACM}
}
@Article{maruri2018v,
	author    = {Maruri, H{\'e}ctor A Cordourier and Lopez-Meyer, Paulo and Huang, Jonathan and Beltman, Willem Marco and Nachman, Lama and Lu, Hong},
	title     = {V-Speech: Noise-Robust Speech Capturing Glasses Using Vibration Sensors},
	journal   = {Proceedings of the ACM on Interactive, Mobile, Wearable and Ubiquitous Technologies},
	year      = {2018},
	volume    = {2},
	number    = {4},
	pages     = {180},
	keywords  = {rank5},
	publisher = {ACM},
}
@InProceedings{matyunin2018zero,
	author       = {Matyunin, Nikolay and Szefer, Jakub and Katzenbeisser, Stefan},
	title        = {Zero-permission acoustic cross-device tracking},
	booktitle    = {2018 IEEE International Symposium on Hardware Oriented Security and Trust (HOST)},
	year         = {2018},
	pages        = {25--32},
	organization = {IEEE},
}
@InProceedings{matic2012speech,
	author       = {Matic, Aleksandar and Osmani, Venet and Mayora, Oscar},
	title        = {Speech activity detection using accelerometer},
	booktitle    = {2012 Annual International Conference of the IEEE Engineering in Medicine and Biology Society},
	year         = {2012},
	pages        = {2112--2115},
	organization = {IEEE},
	keywords     = {rank5},
}

@InProceedings{michalevsky2014gyrophone,
	author    = {Michalevsky, Yan and Boneh, Dan and Nakibly, Gabi},
	title     = {Gyrophone: Recognizing speech from gyroscope signals},
	booktitle = {23rd $\{$USENIX$\}$ Security Symposium ($\{$USENIX$\}$ Security 14)},
	year      = {2014},
	pages     = {1053--1067},
	keywords  = {rank5},
}

========================N========================
@article{natarajan1995sparse,
	title={Sparse approximate solutions to linear systems},
	author={Natarajan, Balas Kausik},
	journal={SIAM journal on computing},
	volume={24},
	number={2},
	pages={227--234},
	year={1995},
	publisher={SIAM}
}
@book{novikov1987nonlinear,
	title={Nonlinear underwater acoustics},
	author={Novikov, Boris Konstantinovich and Rudenko, Oleg Vladimirovich and Timoshenko, Valeri{\u\i}} Ivanovich},
year={1987},
publisher={American Institute of Physics New York}
}
@article{figueiredo2007gradient,
	title={Gradient projection for sparse reconstruction: Application to compressed sensing and other inverse problems},
	author={Figueiredo, M{\'a}rio AT and Nowak, Robert D and Wright, Stephen J},
	journal={IEEE Journal of selected topics in signal processing},
	volume={1},
	number={4},
	pages={586--597},
	year={2007},
	publisher={IEEE}
}
========================O========================

========================P========================
@article{peterson1952control,
	title={Control methods used in a study of the vowels},
	author={Peterson, Gordon E and Barney, Harold L},
	journal={The Journal of the acoustical society of America},
	volume={24},
	number={2},
	pages={175--184},
	year={1952},
	publisher={ASA}
}
@inproceedings{pompei1998use,
	title={The use of airborne ultrasonics for generating audible sound beams},
	author={Pompei, F Joseph},
	booktitle={Audio Engineering Society Convention 105},
	year={1998},
	organization={Audio Engineering Society}
}
========================Q========================
@article{qaisar2013compressive,
	title={Compressive sensing: From theory to applications, a survey},
	author={Qaisar, Saad and Bilal, Rana Muhammad and Iqbal, Wafa and Naureen, Muqaddas and Lee, Sungyoung},
	journal={Journal of Communications and networks},
	volume={15},
	number={5},
	pages={443--456},
	year={2013},
	publisher={IEEE}
}
========================R========================

@InBook{rabiner2011theory,
	chapter   = {10.3},
	pages     = {586-595},
	title     = {Theory and applications of digital speech processing},
	publisher = {Pearson},
	year      = {2011},
	author    = {Rabiner, Lawrence R and Schafer, Ronald W},
	volume    = {10.3},
}
@article{rani2018systematic,
	title={A systematic review of compressive sensing: Concepts, implementations and applications},
	author={Rani, Meenu and Dhok, SB and Deshmukh, RB},
	journal={IEEE Access},
	volume={6},
	pages={4875--4894},
	year={2018},
	publisher={IEEE}
}
@article{remi2010dictionary,
	title={Dictionary Identificationâ€”Sparse Matrix-Factorization via $\ell_1$-Minimization},
	author={Remi, R{\'e}mi and Schnass, Karin},
	journal={IEEE Transactions on Information Theory},
	volume={56},
	number={7},
	pages={3523--3539},
	year={2010},
	publisher={IEEE}
}
@InProceedings{roy2016listening,
	author       = {Roy, Nirupam and Roy Choudhury, Romit},
	title        = {Listening through a vibration motor},
	booktitle    = {Proceedings of the 14th Annual International Conference on Mobile Systems, Applications, and Services},
	year         = {2016},
	pages        = {57--69},
	organization = {ACM},
	keywords     = {rank5},
}



========================S========================
@inproceedings{siddamal2015survey,
	title={A survey on compressive sensing},
	author={Siddamal, KV and Bhat, Shobha P and Saroja, VS},
	booktitle={2015 2nd International Conference on Electronics and Communication Systems (ICECS)},
	pages={639--643},
	year={2015},
	organization={IEEE}
}
@InProceedings{song2016my,
	author       = {Song, Chen and Lin, Feng and Ba, Zhongjie and Ren, Kui and Zhou, Chi and Xu, Wenyao},
	title        = {My smartphone knows what you print: Exploring smartphone-based side-channel attacks against 3d printers},
	booktitle    = {Proceedings of the 2016 ACM SIGSAC Conference on Computer and Communications Security},
	year         = {2016},
	pages        = {895--907},
	organization = {ACM},
	keywords     = {rank1},
}
@inproceedings{skretting2017sparse,
	title={Sparse Approximation by Matching Pursuit Using Shift-Invariant Dictionary},
	author={Skretting, Karl and Engan, Kjersti},
	booktitle={Scandinavian Conference on Image Analysis},
	pages={362--373},
	year={2017},
	organization={Springer}
}
@article{skretting2010recursive,
	title={Recursive least squares dictionary learning algorithm},
	author={Skretting, Karl and Engan, Kjersti},
	journal={IEEE Transactions on Signal Processing},
	volume={58},
	number={4},
	pages={2121--2130},
	year={2010},
	publisher={IEEE}
}
========================T========================

@InBook{titze1994principles,
	pages     = {188},
	title     = {Principles of Voice Production},
	publisher = {Prentice Hall},
	year      = {1994},
	author    = {Ingo Titze},
}


@article{titze2015toward,
	title={Toward a consensus on symbolic notation of harmonics, resonances, and formants in vocalization},
	author={Titze, Ingo R and Baken, Ronald J and Bozeman, Kenneth W and Granqvist, Svante and Henrich, Nathalie and Herbst, Christian T and Howard, David M and Hunter, Eric J and Kaelin, Dean and Kent, Raymond D and others},
	journal={The Journal of the Acoustical Society of America},
	volume={137},
	number={5},
	pages={3005--3007},
	year={2015},
	publisher={ASA}
}

@article{tropp2007signal,
	title={Signal recovery from random measurements via orthogonal matching pursuit},
	author={Tropp, Joel A and Gilbert, Anna C},
	journal={IEEE Transactions on information theory},
	volume={53},
	number={12},
	pages={4655--4666},
	year={2007}
}
@article{tropp2010computational,
	title={Computational methods for sparse solution of linear inverse problems},
	author={Tropp, Joel A and Wright, Stephen J},
	journal={Proceedings of the IEEE},
	volume={98},
	number={6},
	pages={948--958},
	year={2010},
	publisher={IEEE}
}
========================U========================
@article{ulku2018large,
	title={Large-scale hyperspectral image compression via sparse representations based on online learning},
	author={{\"U}lk{\"u}, {\.I}rem and Kizgut, Ersin},
	journal={International Journal of Applied Mathematics and Computer Science},
	volume={28},
	number={1},
	pages={197--207},
	year={2018},
	publisher={De Gruyter Open}
}
========================V========================

========================W========================
@InProceedings{wei2015acoustic,
	author       = {Wei, Teng and Wang, Shu and Zhou, Anfu and Zhang, Xinyu},
	title        = {Acoustic eavesdropping through wireless vibrometry},
	booktitle    = {Proceedings of the 21st Annual International Conference on Mobile Computing and Networking},
	year         = {2015},
	pages        = {130--141},
	organization = {ACM},
	keywords     = {rank2},
}

@InProceedings{welsh2017smartphone,
	author       = {Welsh, David and Roy, Nirmalya},
	title        = {Smartphone-based mobile gunshot detection},
	booktitle    = {2017 IEEE International Conference on Pervasive Computing and Communications Workshops (PerCom Workshops)},
	year         = {2017},
	pages        = {244--249},
	organization = {IEEE},
	keywords     = {rank1},
}
@article{wolfe2016experimentally,
	title={An Experimentally Measured Source--Filter Model: Glottal Flow, Vocal Tract Gain and Output Sound from a Physical Model},
	author={Wolfe, Joe and Chu, Derek Tze Wei and Chen, Jer-Ming and Smith, John},
	journal={Acoustics Australia},
	volume={44},
	number={1},
	pages={187--191},
	year={2016},
	publisher={Springer}
}
========================X========================
@article{xu2017survey,
	title={A survey of dictionary learning algorithms for face recognition},
	author={Xu, Yong and Li, Zhengming and Yang, Jian and Zhang, David},
	journal={IEEE access},
	volume={5},
	pages={8502--8514},
	year={2017},
	publisher={IEEE}
}
========================Y========================

========================Z========================

@InProceedings{zhang2015accelword,
	author       = {Zhang, Li and Pathak, Parth H and Wu, Muchen and Zhao, Yixin and Mohapatra, Prasant},
	title        = {Accelword: Energy efficient hotword detection through accelerometer},
	booktitle    = {Proceedings of the 13th Annual International Conference on Mobile Systems, Applications, and Services},
	year         = {2015},
	pages        = {301--315},
	organization = {ACM},
	keywords     = {rank5},
}

@Article{jafari2011fast,
	author    = {Jafari, Maria G and Plumbley, Mark D},
	title     = {Fast dictionary learning for sparse representations of speech signals},
	journal   = {IEEE Journal of Selected Topics in Signal Processing},
	year      = {2011},
	volume    = {5},
	number    = {5},
	pages     = {1025--1031},
	publisher = {IEEE},
}

@Article{jafaridictionary,
	author = {Jafari, Maria G and Plumbley, Mark D},
	title  = {Dictionary learning for speech based on a doubly sparse greedy adaptive dictionary algorithm},
}

@InProceedings{sikder20176thsense,
	author    = {Sikder, Amit Kumar and Aksu, Hidayet and Uluagac, A Selcuk},
	title     = {6thsense: A context-aware sensor-based attack detector for smart devices},
	booktitle = {26th $\{$USENIX$\}$ Security Symposium ($\{$USENIX$\}$ Security 17)},
	year      = {2017},
	pages     = {397--414},
}

@Misc{report2019forrester,
	author      = {Meenakshi Tiwari, Sanjeev Kumar},
	title       = {Forrester Analytics: Mobile, Smartphone, And Tablet Forecast, 2018 To 2023 (Global)},
	year        = {2019},
	institution = {Forrester Research},
}

@Misc{report2018newzoo,
	author = {Newzoo},
	title  = {Global Mobile Market Report},
	year   = {2018},
}


@InProceedings{trippel2017walnut,
	author       = {Trippel, Timothy and Weisse, Ofir and Xu, Wenyuan and Honeyman, Peter and Fu, Kevin},
	title        = {WALNUT: Waging doubt on the integrity of MEMS accelerometers with acoustic injection attacks},
	booktitle    = {2017 IEEE European Symposium on Security and Privacy (EuroS\&P)},
	year         = {2017},
	pages        = {3--18},
	organization = {IEEE},
}



@InProceedings{block2017autonomic,
	author       = {Block, Kenneth and Narain, Sashank and Noubir, Guevara},
	title        = {An autonomic and permissionless android covert channel},
	booktitle    = {Proceedings of the 10th ACM Conference on Security and Privacy in Wireless and Mobile Networks},
	year         = {2017},
	pages        = {184--194},
	organization = {ACM},
}

@Book{fant1960acoustic,
	title     = {Acoustic theory of speech production},
	publisher = {Mouton \& Co., Printers, The Hague.},
	year      = {1960},
	author    = {Gunnar Fant},
}


@InBook{baken1987clinical,
	pages     = {177},
	title     = {Clinical Measurement of Speech and Voice},
	publisher = {London: Taylor and Francis Ltd.},
	year      = {1987},
	author    = {Ronald J. Baken},
}

========================B========================
@article{bojinov2014mobile,
	title={Mobile device identification via sensor fingerprinting},
	author={Bojinov, Hristo and Michalevsky, Yan and Nakibly, Gabi and Boneh, Dan},
	journal={arXiv preprint arXiv:1408.1416},
	year={2014}
}
========================D========================
@inproceedings{das2016tracking,
	title={Tracking Mobile Web Users Through Motion Sensors: Attacks and Defenses.},
	author={Das, Anupam and Borisov, Nikita and Caesar, Matthew},
	booktitle={NDSS},
	year={2016}
}
========================F========================
@inproceedings{fuse2018sound,
	title={Sound Recovery Considering the Vibration Direction of an Object in a Video},
	author={Fuse, Yohei and Yasumi, Yusuke and Takiguchi, Tetsuya},
	booktitle={2018 IEEE International Symposium on Multimedia (ISM)},
	pages={171--174},
	year={2018},
	organization={IEEE}
}
========================G========================

========================H========================
@inproceedings{han2012accomplice,
	title={Accomplice: Location inference using accelerometers on smartphones},
	author={Han, Jun and Owusu, Emmanuel and Nguyen, Le T and Perrig, Adrian and Zhang, Joy},
	booktitle={2012 Fourth International Conference on Communication Systems and Networks (COMSNETS 2012)},
	pages={1--9},
	year={2012},
	organization={IEEE}
}
@article{huang2018breathlive,
	title={Breathlive: Liveness detection for heart sound authentication with deep breathing},
	author={Huang, Chenyu and Chen, Huangxun and Yang, Lin and Zhang, Qian},
	journal={Proceedings of the ACM on Interactive, Mobile, Wearable and Ubiquitous Technologies},
	volume={2},
	number={1},
	pages={12},
	year={2018},
	publisher={ACM}
}

@article{hawley2018visualizing,
	title={Visualizing sound directivity via smartphone sensors},
	author={Hawley, Scott H and McClain Jr, Robert E},
	journal={The Physics Teacher},
	volume={56},
	number={2},
	pages={72--74},
	year={2018},
	publisher={AAPT}
}

@inproceedings{kwonghard,
	title={Hard Drive of Hearing: Disks that Eavesdrop with a Synthesized Microphone},
	author={Kwong, Andrew and Xu, Wenyuan and Fu, Kevin},
	booktitle={Hard Drive of Hearing: Disks that Eavesdrop with a Synthesized Microphone},
	pages={0},
	organization={IEEE}
}

@article{liang2017location,
	title={Location privacy leakage through sensory data},
	author={Liang, Yi and Cai, Zhipeng and Han, Qilong and Li, Yingshu},
	journal={Security and Communication Networks},
	volume={2017},
	year={2017},
	publisher={Hindawi}
}

@inproceedings{lee2018inferring,
	title={Inferring Smartphone Users' Handwritten Patterns by using Motion Sensors.},
	author={Lee, Wei-Han and Ortiz, Jorge and Ko, Bongjun and Lee, Ruby B},
	booktitle={ICISSP},
	pages={139--148},
	year={2018}
}


========================M========================
@inproceedings{miluzzo2012tapprints,
	title={Tapprints: your finger taps have fingerprints},
	author={Miluzzo, Emiliano and Varshavsky, Alexander and Balakrishnan, Suhrid and Choudhury, Romit Roy},
	booktitle={Proceedings of the 10th international conference on Mobile systems, applications, and services},
	pages={323--336},
	year={2012},
	organization={ACm}
}
========================O========================
@inproceedings{owusu2012accessory,
	title={ACCessory: password inference using accelerometers on smartphones},
	author={Owusu, Emmanuel and Han, Jun and Das, Sauvik and Perrig, Adrian and Zhang, Joy},
	booktitle={Proceedings of the Twelfth Workshop on Mobile Computing Systems \& Applications},
	pages={9},
	year={2012},
	organization={ACM}
}

@inproceedings{roy2015ripple,
	title={Ripple: Communicating through physical vibration},
	author={Roy, Nirupam and Gowda, Mahanth and Choudhury, Romit Roy},
	booktitle={12th $\{$USENIX$\}$ Symposium on Networked Systems Design and Implementation ($\{$NSDI$\}$ 15)},
	pages={265--278},
	year={2015}
}

@article{sikder2018survey,
	title={A survey on sensor-based threats to internet-of-things (iot) devices and applications},
	author={Sikder, Amit Kumar and Petracca, Giuseppe and Aksu, Hidayet and Jaeger, Trent and Uluagac, A Selcuk},
	journal={arXiv preprint arXiv:1802.02041},
	year={2018}
}

@article{shoaib2015survey,
	title={A survey of online activity recognition using mobile phones},
	author={Shoaib, Muhammad and Bosch, Stephan and Incel, Ozlem and Scholten, Hans and Havinga, Paul},
	journal={Sensors},
	volume={15},
	number={1},
	pages={2059--2085},
	year={2015},
	publisher={Multidisciplinary Digital Publishing Institute}
}
========================V========================

========================W========================
@article{wang2019deep,
	title={Deep learning for sensor-based activity recognition: A survey},
	author={Wang, Jindong and Chen, Yiqiang and Hao, Shuji and Peng, Xiaohui and Hu, Lisha},
	journal={Pattern Recognition Letters},
	volume={119},
	pages={3--11},
	year={2019},
	publisher={Elsevier}
}

@inproceedings{wang2015mole,
	title={Mole: Motion leaks through smartwatch sensors},
	author={Wang, He and Lai, Ted Tsung-Te and Roy Choudhury, Romit},
	booktitle={Proceedings of the 21st Annual International Conference on Mobile Computing and Networking},
	pages={155--166},
	year={2015},
	organization={ACM}
}
@inproceedings{wang2016friend,
	title={Friend or foe?: Your wearable devices reveal your personal pin},
	author={Wang, Chen and Guo, Xiaonan and Wang, Yan and Chen, Yingying and Liu, Bo},
	booktitle={Proceedings of the 11th ACM on Asia Conference on Computer and Communications Security},
	pages={189--200},
	year={2016},
	organization={ACM}
}

@Article{zhang2015survey,
	author    = {Zhang, Zheng and Xu, Yong and Yang, Jian and Li, Xuelong and Zhang, David},
	title     = {A survey of sparse representation: algorithms and applications},
	journal   = {IEEE access},
	year      = {2015},
	volume    = {3},
	pages     = {490--530},
	publisher = {IEEE},
}


@online{onlinevoice,
	author = {Margaret Rouse},
	title = {Voice Authentication},
	year=2016,
	url = {https://whatis.techtarget.com/definition/voice-authentication}	
}
@online{onlinegoogle,
	author = {Megan Ellis},
	title = {How to Lock/Unlock an Android Phone With Your Voice Using Google Assistant},
	year=2019,
	url = {https://www.makeuseof.com/tag/lock-unlock-android-phone-voice-google-assistant/}	
}
@online{onlinemarket,
	author = {MarketsAndMarkets},
	title = {Market Research Report},
	year=2019,
	url = {https://www.marketsandmarkets.com/Market-Reports/speech-voice-recognition-market-202401714.html}	
}
@online{onlinewechat,
	author = {WeChat},
	title = {Voiceprint: The New WeChat Password},
	year=2015,
	url = {https://blog.wechat.com/2015/05/21/voiceprint-the-new-wechat-password/}
}
@online{onlinebio,
	author = {BioTrust},
	title = {BioTrust Health Care},
	year=2018,
	url = {https://www.biotrustid.com/health-care/}
}
@online{onlineciti,
	author = {Citigroup},
	title = {Voice Biometrics Authentication System - Citi Hong Kong},
	year=2018,
	url = {https://www.citibank.com.hk/english/ways-to-bank/voice-biometrics.htm}
}
@online{onlinesaytec,
	author = {Say-Tec},
	title = {Voice Biometrics 2.0},
	year=2018,
	url = {https://www.say-tec.com}
}

@online{onlineblockchain,
	author = {LMH Blockchain, LLC},
	title = {LMH Blockchain Authentication},
	year=2018,
	url = {https://www.lmhblockchain.com}
}
@online{onlinenuance,	
	author = {Nuance Communications},
	title = {VocalPassword:	voice biometrics authentication.},
	year=2014,
	url = {https://www.nuance.com/content/dam/nuance/en_us/collateral/enterprise/brochure/br-vocalpassword-en-us.pdf}
}
@online{onlinemicrophone,	
	author = {Google Developers},
	title = {Sampling Audio},
	year=2014,
	url = {https://developer.android.com/ndk/guides/audio/sampling-audio}
}
@online{onlinepraat,
	author = {Paul Boersma and David Weenink},
	title = {Praat: doing phonetics by computer},
	year=2019,
	url = {http://www.fon.hum.uva.nl/praat/}
}
@online{onlinelist,
	author = {Florida Dept. of Education},
	title = {THE SOURCE: A Curriculum Guide for Reading Mentors},
	year=2019,
	url={http://www.fldoe.org/core/fileparse.php/7539/urlt/manual.pdf}
}
322 MOST COMMON SYLLABLES IN THE 5,000 MOST FREQUENT ENGLISH WORDS page 35-36
@online{onlinesyllable,
	author = {Oxford University Press. },
	title = {Syllable},
	year=2019,
	url={http://www.oed.com/view/Entry/196145}
}
========================A========================
@article{abe1990voice,
	title={Voice conversion through vector quantization},
	author={Abe, Masanobu and Nakamura, Satoshi and Shikano, Kiyohiro and Kuwabara, Hisao},
	journal={Journal of the Acoustical Society of Japan (E)},
	volume={11},
	number={2},
	pages={71--76},
	year={1990},
	publisher={Acoustical Society of Japan}
}
@misc{aley2013device,
	title={Device, system, and method of liveness detection utilizing voice biometrics},
	author={Aley-Raz, Almog and Krause, Nir Moshe and Salmon, Michael Itzhak and Gazit, Ran Yehoshua},
	year={2013},
	month=may # "~14",
	publisher={Google Patents},
	note={US Patent 8,442,824}
}
========================B========================
@inproceedings{boersma1993accurate,
	title={Accurate short-term analysis of the fundamental frequency and the harmonics-to-noise ratio of a sampled sound},
	author={Boersma, Paul},
	booktitle={Proceedings of the institute of phonetic sciences},
	volume={17},
	number={1193},
	pages={97--110},
	year={1993},
	organization={Amsterdam}
}
@article{buriro2019answerauth,
	title={AnswerAuth: A bimodal behavioral biometric-based user authentication scheme for smartphones},
	author={Buriro, Attaullah and Crispo, Bruno and Conti, Mauro},
	journal={Journal of Information Security and Applications},
	volume={44},
	pages={89--103},
	year={2019},
	publisher={Elsevier}
}
========================C========================
@inproceedings{chauhan2017breathprint,
	title={BreathPrint: Breathing acoustics-based user authentication},
	author={Chauhan, Jagmohan and Hu, Yining and Seneviratne, Suranga and Misra, Archan and Seneviratne, Aruna and Lee, Youngki},
	booktitle={Proceedings of the 15th Annual International Conference on Mobile Systems, Applications, and Services},
	pages={278--291},
	year={2017},
	organization={ACM}
}
@inproceedings{chen2017you,
	title={You can hear but you cannot steal: Defending against voice impersonation attacks on smartphones},
	author={Chen, Si and Ren, Kui and Piao, Sixu and Wang, Cong and Wang, Qian and Weng, Jian and Su, Lu and Mohaisen, Aziz},
	booktitle={Distributed Computing Systems (ICDCS), 2017 IEEE 37th International Conference on},
	pages={183--195},
	year={2017},
	organization={IEEE}
}
@article{chetty2004automated,
	title={Automated lip feature extraction for liveness verification in audio-video authentication},
	author={Chetty, Girija and Wagner, Michael},
	journal={Proc. Image and Vision Computing},
	pages={17--22},
	year={2004},
	publisher={Citeseer}
}
========================D========================
@article{de2009praat,
	title={Praat script to detect syllable nuclei and measure speech rate automatically},
	author={De Jong, Nivja H and Wempe, Ton},
	journal={Behavior research methods},
	volume={41},
	number={2},
	pages={385--390},
	year={2009},
	publisher={Springer}
}
========================E========================
@inproceedings{ergunay2015vulnerability,
	title={On the vulnerability of speaker verification to realistic voice spoofing},
	author={Erg{\"u}nay, Serife Kucur and Khoury, Elie and Lazaridis, Alexandros and Marcel, S{\'e}bastien},
	booktitle={Biometrics Theory, Applications and Systems (BTAS), 2015 IEEE 7th International Conference on},
	pages={1--6},
	year={2015},
	organization={IEEE}
}
@inproceedings{exler2018body,
	title={On-Body Smartphone Position Detection with Position Transition Correction Based on the Hand State},
	author={Exler, Anja and Michel, Christoph and Beigl, Michael},
	booktitle={International Conference on Mobile Computing, Applications, and Services},
	pages={271--276},
	year={2018},
	organization={Springer}
}
========================F========================
@inproceedings{feng2017continuous,
	title={Continuous authentication for voice assistants},
	author={Feng, Huan and Fawaz, Kassem and Shin, Kang G},
	booktitle={Proceedings of the 23rd Annual International Conference on Mobile Computing and Networking},
	pages={343--355},
	year={2017},
	organization={ACM}
}
========================G========================
@article{greff2017lstm,
	title={LSTM: A search space odyssey},
	author={Greff, Klaus and Srivastava, Rupesh K and Koutn{\'\i}k, Jan and Steunebrink, Bas R and Schmidhuber, J{\"u}rgen},
	journal={IEEE transactions on neural networks and learning systems},
	volume={28},
	number={10},
	pages={2222--2232},
	year={2017},
	publisher={IEEE}
}
========================H========================
@inproceedings{han2017pitchln,
	title={Pitchln: eavesdropping via intelligible speech reconstruction using non-acoustic sensor fusion},
	author={Han, Jun and Chung, Albert Jin and Tague, Patrick},
	booktitle={Proceedings of the 16th ACM/IEEE International Conference on Information Processing in Sensor Networks},
	pages={181--192},
	year={2017},
	organization={ACM}
}
@article{hochreiter1997long,
	title={Long short-term memory},
	author={Hochreiter, Sepp and Schmidhuber, J{\"u}rgen},
	journal={Neural computation},
	volume={9},
	number={8},
	pages={1735--1780},
	year={1997},
	publisher={MIT Press}
}
@article{hounslow2019assessing,
	title={Assessing the effects of sampling frequency on behavioural classification of accelerometer data},
	author={Hounslow, JL and Brewster, LR and Lear, KO and Guttridge, TL and Daly, R and Whitney, NM and Gleiss, AC},
	journal={Journal of Experimental Marine Biology and Ecology},
	volume={512},
	pages={22--30},
	year={2019},
	publisher={Elsevier}
}
@article{huang2018breathlive,
	title={BreathLive: Liveness Detection for Heart Sound Authentication with Deep Breathing},
	author={Huang, Chenyu and Chen, Huangxun and Yang, Lin and Zhang, Qian},
	journal={Proceedings of the ACM on Interactive, Mobile, Wearable and Ubiquitous Technologies},
	volume={2},
	number={1},
	pages={12},
	year={2018},
	publisher={ACM}
}

========================I========================

========================J========================

========================K========================
@inproceedings{kim2014sound,
	title={Sound transmission through the human body with digital weaver modulation (DWM) method},
	author={Kim, Sung-Eun and Kang, Taewook and Hwang, Junghwan and Kang, Sungweon and Park, Kyunghwan},
	booktitle={2014 IEEE International Systems Conference Proceedings},
	pages={176--179},
	year={2014},
	organization={IEEE}
}
========================L========================

@article{lahdenoja2018atrial,
	title={Atrial fibrillation detection via accelerometer and gyroscope of a smartphone},
	author={Lahdenoja, Olli and Hurnanen, Tero and Iftikhar, Zuhair and Nieminen, Sami and Knuutila, Timo and Saraste, Antti and Kiviniemi, Tuomas and Vasankari, Tuija and Airaksinen, Juhani and P{\"a}nk{\"a}{\"a}l{\"a}, Mikko and others},
	journal={IEEE journal of biomedical and health informatics},
	volume={22},
	number={1},
	pages={108--118},
	year={2018},
	publisher={IEEE}
}
@inproceedings{laput2018ubicoustics,
	title={Ubicoustics: Plug-and-Play Acoustic Activity Recognition},
	author={Laput, Gierad and Ahuja, Karan and Goel, Mayank and Harrison, Chris},
	booktitle={The 31st Annual ACM Symposium on User Interface Software and Technology},
	pages={213--224},
	year={2018},
	organization={ACM}
}
@inproceedings{lan2018hiddencode,
	title={HiddenCode: Hidden Acoustic Signal Capture with Vibration Energy Harvesting},
	author={Lan, Guohao and Ma, Dong and Hassan, Mahbub and Hu, Wen},
	booktitle={Proceedings of PerCom},
	year={2018}
}
@inproceedings{lau2005testing,
	title={Testing voice mimicry with the YOHO speaker verification corpus},
	author={Lau, Yee W and Tran, Dat and Wagner, Michael},
	booktitle={International Conference on Knowledge-Based and Intelligent Information and Engineering Systems},
	pages={15--21},
	year={2005},
	organization={Springer}
}
@inproceedings{lawson2011survey,
	title={Survey and evaluation of acoustic features for speaker recognition},
	author={Lawson, A and Vabishchevich, Pavel and Huggins, M and Ardis, P and Battles, Brandon and Stauffer, A},
	booktitle={Acoustics, speech and signal processing (ICASSP), 2011 ieee international conference on},
	pages={5444--5447},
	year={2011},
	organization={IEEE}
}
========================M========================
@techreport{mariethoz2005can,
	title={Can a professional imitator fool a GMM-based speaker verification system?},
	author={Mari{\'e}thoz, Johnny and Bengio, Samy},
	year={2005},
	institution={IDIAP}
}
@inproceedings{michalevsky2014gyrophone,
	title={Gyrophone: Recognizing Speech from Gyroscope Signals.},
	author={Michalevsky, Yan and Boneh, Dan and Nakibly, Gabi},
	booktitle={USENIX Security Symposium},
	pages={1053--1067},
	year={2014}
}
@inproceedings{meng2018wivo,
	title={WiVo: Enhancing the Security of Voice Control System via Wireless Signal in IoT Environment},
	author={Meng, Yan and Wang, Zichang and Zhang, Wei and Wu, Peilin and Zhu, Haojin and Liang, Xiaohui and Liu, Yao},
	booktitle={Proceedings of the Eighteenth ACM International Symposium on Mobile Ad Hoc Networking and Computing},
	pages={81--90},
	year={2018},
	organization={ACM}
}
========================N========================
@inproceedings{ning2018deepmag,
	title={Deepmag: Sniffing mobile apps in magnetic field through deep convolutional neural networks},
	author={Ning, Rui and Wang, Cong and Xin, ChunSheng and Li, Jiang and Wu, Hongyi},
	booktitle={2018 IEEE International Conference on Pervasive Computing and Communications (PerCom)},
	pages={1--10},
	year={2018},
	organization={IEEE}
}
========================O========================
@article{o2009sonic,
	title={Sonic nirvana: Using mems accelerometers as acoustic pickups in musical instruments},
	author={Oâ€™Reilly, Rob and Khenkin, Alex and Harney, Kieran},
	journal={Analog Dialogue},
	volume={43},
	number={02},
	pages={1--4},
	year={2009},
	publisher={Citeseer}
}
========================P========================
@misc{poss2008biometric,
	title={Biometric voice authentication},
	author={Poss, John C and Boye, Dag and Mobley, Mark W},
	year={2008},
	month=jun # "~10",
	publisher={Google Patents},
	note={US Patent 7,386,448}
}
========================Q========================

========================R========================

========================S========================
@inproceedings{shang2010score,
	title={Score normalization in playback attack detection},
	author={Shang, Wei and Stevenson, Maryhelen},
	booktitle={Acoustics Speech and Signal Processing (ICASSP), 2010 IEEE International Conference on},
	pages={1678--1681},
	year={2010},
	organization={IEEE}
}
@incollection{saquib2010survey,
	title={A survey on automatic speaker recognition systems},
	author={Saquib, Zia and Salam, Nirmala and Nair, Rekha P and Pandey, Nipun and Joshi, Akanksha},
	booktitle={Signal Processing and Multimedia},
	pages={134--145},
	year={2010},
	publisher={Springer}
}
@article{stylianou1998continuous,
	title={Continuous probabilistic transform for voice conversion},
	author={Stylianou, Yannis and Capp{\'e}, Olivier and Moulines, Eric},
	journal={IEEE Transactions on speech and audio processing},
	volume={6},
	number={2},
	pages={131--142},
	year={1998},
	publisher={IEEE}
}
@article{suprem2017orientation,
	title={Orientation and displacement detection for smartphone device based imus},
	author={Suprem, Abhijit and Deep, Vishal and Elarabi, Tarek},
	journal={IEEE Access},
	volume={5},
	pages={987--997},
	year={2017},
	publisher={IEEE}
}
@article{szabo1994time,
	title={Time domain wave equations for lossy media obeying a frequency power law},
	author={Szabo, Thomas L},
	journal={The Journal of the Acoustical Society of America},
	volume={96},
	number={1},
	pages={491--500},
	year={1994},
	publisher={ASA}
}
========================T========================

========================U========================

========================V========================
@inproceedings{villalba2011detecting,
	title={Detecting replay attacks from far-field recordings on speaker verification systems},
	author={Villalba, Jes{\'u}s and Lleida, Eduardo},
	booktitle={European Workshop on Biometrics and Identity Management},
	pages={274--285},
	year={2011},
	organization={Springer}
}
========================W========================
@inproceedings{wang2011channel,
	title={Channel pattern noise based playback attack detection algorithm for speaker recognition},
	author={Wang, Zhi-Feng and Wei, Gang and He, Qian-Hua},
	booktitle={Machine Learning and Cybernetics (ICMLC), 2011 International Conference on},
	volume={4},
	pages={1708--1713},
	year={2011},
	organization={IEEE}
}
@article{wang2018unlock,
	title={Unlock with Your Heart: Heartbeat-based Authentication on Commercial Mobile Phones},
	author={Wang, Lei and Huang, Kang and Sun, Ke and Wang, Wei and Tian, Chen and Xie, Lei and Gu, Qing},
	journal={Proceedings of the ACM on Interactive, Mobile, Wearable and Ubiquitous Technologies},
	volume={2},
	number={3},
	pages={140},
	year={2018},
	publisher={ACM}
}
@article{wu2015spoofing,
	title={Spoofing and countermeasures for speaker verification: A survey},
	author={Wu, Zhizheng and Evans, Nicholas and Kinnunen, Tomi and Yamagishi, Junichi and Alegre, Federico and Li, Haizhou},
	journal={speech communication},
	volume={66},
	pages={130--153},
	year={2015},
	publisher={Elsevier}
}
========================X========================

========================Y========================

========================Z========================
@inproceedings{zhang2016voicelive,
	title={Voicelive: A phoneme localization based liveness detection for voice authentication on smartphones},
	author={Zhang, Linghan and Tan, Sheng and Yang, Jie and Chen, Yingying},
	booktitle={Proceedings of the 2016 ACM SIGSAC Conference on Computer and Communications Security},
	pages={1080--1091},
	year={2016},
	organization={ACM}
}
@inproceedings{zhang2017hearing,
	title={Hearing your voice is not enough: An articulatory gesture based liveness detection for voice authentication},
	author={Zhang, Linghan and Tan, Sheng and Yang, Jie},
	booktitle={Proceedings of the 2017 ACM SIGSAC Conference on Computer and Communications Security},
	pages={57--71},
	year={2017},
	organization={ACM}
}
@inproceedings{zhou2018echoprint,
	title={EchoPrint: Two-factor Authentication using Acoustics and Vision on Smartphones},
	author={Zhou, Bing and Lohokare, Jay and Gao, Ruipeng and Ye, Fan},
	booktitle={Proceedings of the 24th Annual International Conference on Mobile Computing and Networking},
	pages={321--336},
	year={2018},
	organization={ACM}
}
@inproceedings{zhou2018patternlistener,
	title={PatternListener: Cracking Android Pattern Lock Using Acoustic Signals},
	author={Zhou, Man and Wang, Qian and Yang, Jingxiao and Li, Qi and Xiao, Feng and Wang, Zhibo and Chen, Xiaofen},
	booktitle={Proceedings of the 2018 ACM SIGSAC Conference on Computer and Communications Security},
	pages={1775--1787},
	year={2018},
	organization={ACM}
}

